@misc{about-ipa,
  author   = {Information-technology Promotion Agency, Japan (IPA)},
  title    = {About IPA},
  note     = {\url{https://www.ipa.go.jp/index.html}},
  keywords = {IPA, information technology, promotion, Japan},
  year     = 2023
}

@misc{agile-scrum-lean,
  author   = {Eneida Xavier Engelbreth},
  title    = {Agile x SCRUM x Lean, o que cada um Ã©?},
  note     = {\url{https://youwilldobetter.com/2017/04/agile-x-scrum-x-lean-o-que-cada-um-e/}},
  keywords = {agile, scrum, lean, project management},
  year     = 2017
}

@misc{flutterflow,
  author   = {FlutterFlow},
  title    = {FlutterFlow - Build beautiful, modern apps incredibly fast!},
  note     = {\url{https://flutterflow.io/}},
  keywords = {flutterflow, app development, web development, low code},
  year     = 2023
}

@misc{airtable,
  author   = {Airtable},
  title    = {The platform to build next-gen apps | Airtable},
  note     = {\url{https://www.airtable.com/}},
  keywords = {airtable, app development, data management, low code, AI},
  year     = 2023
}

@misc{render,
  author   = {Render},
  title    = {Cloud Application Hosting for Developers | Render},
  note     = {\url{https://render.com/}},
  keywords = {render, cloud hosting, web apps, developers},
  year     = 2023
}

@misc{algolia,
  author   = {Algolia},
  title    = {Site Search and Discovery powered by AI | Algolia},
  note     = {\url{https://www.algolia.com/}},
  keywords = {algolia, site search, discovery, AI},
  year     = 2023
}

@misc{openai,
  author   = {OpenAI},
  title    = {OpenAI},
  note     = {\url{https://openai.com/}},
  keywords = {openai, artificial intelligence, AI, AGI, research},
  year     = 2023
}

@misc{figma,
  author   = {Figma},
  title    = {Figma: the collaborative interface design tool},
  note     = {\url{https://www.figma.com/}},
  keywords = {figma, design, collaboration, interface design},
  year     = 2023
}


@misc{latex,
  author   = {The LaTeX Project},
  title    = {LaTeX - A document preparation system},
  note     = {\url{https://www.latex-project.org/}},
  keywords = {latex, document preparation, typesetting, scientific documents},
  year     = 2023
}


@misc{insomnia,
  author   = {Insomnia},
  title    = {The Collaborative API Development Platform},
  note     = {\url{https://insomnia.rest/}},
  keywords = {insomnia, API, development, HTTP, REST, GraphQL, gRPC, SOAP, WebSockets},
  year     = 2023
}

@misc{dart,
  author   = {Dart},
  title    = {Dart programming language},
  note     = {\url{https://dart.dev/}},
  keywords = {dart, programming language, UI, development, open source},
  year     = 2023
}